{
  "server_time": 1547906164,
  "goods_list": [
    {
    "goods_id": 388409044,
    "goods_name": "\u3010\u9886\u5238\u7ACB\u51CF \u3011\u4E09\u53EA\u677E\u9F20\u575A\u679C\u5E72\u679C\u7EC4\u5408410/1020g\u591A\u89C4\u683C\u590F\u5A01\u5937\u78A7\u6839\u679C",
    "short_name": "\u575A\u679C\u5E72\u679C\u7EC4\u54081020g",
    "thumb_url": "http://t00img.yangkeduo.com/goods/images/2018-10-10/24c55900257f409e3e4acb59750b28af.jpeg",
    "hd_thumb_url": "http://t00img.yangkeduo.com/goods/images/2018-10-10/24c55900257f409e3e4acb59750b28af.jpeg",
    "image_url": "http://t09img.yangkeduo.com/images/2018-05-15/978dd903a04ef2b5c9abbf2783a3dd2c.jpeg",
    "sales": 425268,
    "cnt": 425268,
    "group_price": 2980,
    "normal_price": 3990,
    "market_price": 36000,
    "event_type": 0,
    "customer_num": 2,
    "mall_id": 1210342,
    "group": {
      "price": 2980,
      "customer_num": 2
    },
    "sales_tip": "\u5DF2\u62FC10\u4E07+\u4EF6",
    "link_url": "goods.html?goods_id=388409044",
    "hd_url": "http://t00img.yangkeduo.com/goods/images/2018-10-10/971ed5a9dadddd5608545259a24da014.jpeg",
    "quantity": 23292,
    "cat_id1": 6398,
    "goods_type": 1,
    "scores": {},
    "group_price_origin": 2980
  }, {
    "goods_id": 34689425,
    "goods_name": "\u3010\u9999\u6E2F\u76F4\u90AE\u3011\u3010\u62A4\u80A4\u62A4\u53D1\u62A4\u7532\u3011\u6FB3\u6D32 Swisse \u6D3B\u529B\u80F6\u539F\u86CB\u767D\u7247100\u7C92/\u74F6 \u4FC3\u8FDB\u751F\u6210",
    "short_name": "\u6297\u8870\u8001\u7F8E\u5BB9\u517B\u989C \u7247\u5242\u66F4\u65B9\u4FBF",
    "thumb_url": "http://t00img.yangkeduo.com/goods/images/2018-08-31/c2d4139b2b28226b9c654987f5a67830.jpeg",
    "hd_thumb_url": "http://t00img.yangkeduo.com/goods/images/2018-08-31/c2d4139b2b28226b9c654987f5a67830.jpeg",
    "image_url": "http://t00img.yangkeduo.com/goods/images/2018-08-22/2dcbcb043702fcb202ab89ccc6ee7c01.jpeg",
    "sales": 4048,
    "cnt": 4048,
    "group_price": 9900,
    "normal_price": 10000,
    "market_price": 30900,
    "event_type": 0,
    "customer_num": 2,
    "mall_id": 37043,
    "group": {
      "price": 9900,
      "customer_num": 2
    },
    "sales_tip": "\u5DF2\u62FC4048\u4EF6",
    "link_url": "goods.html?goods_id=34689425",
    "hd_url": "http://t00img.yangkeduo.com/goods/images/2018-08-31/7e2d011471ce81e211e203b26ee4b4cc.jpeg",
    "quantity": 492,
    "cat_id1": 6785,
    "goods_type": 4,
    "scores": {},
    "group_price_origin": 9900
  }, {
    "goods_id": 6432436,
    "goods_name": "\u3010\u9999\u6E2F\u76F4\u90AE\u3011\u5047\u4E00\u8D54\u5341\u3010\u8C03\u7406\u59E8\u5988\u3011\u6FB3\u6D32 Blackmores \u6FB3\u4F73\u5B9D \u6708\u89C1\u8349\u80F6\u56CA190\u7C92",
    "short_name": "\u8C03\u5185\u5206\u6CCC \u6539\u5584\u75DB\u7ECF",
    "thumb_url": "http://t00img.yangkeduo.com/goods/images/2018-08-31/352d8495c575c8fd79171fe15bc589e9.jpeg",
    "hd_thumb_url": "http://t00img.yangkeduo.com/goods/images/2018-08-31/352d8495c575c8fd79171fe15bc589e9.jpeg",
    "image_url": "http://omsproductionimg.yangkeduo.com/images/2017-09-15/914ee894cff2c4a1bffb28532f275354.jpeg",
    "sales": 4957,
    "cnt": 4957,
    "group_price": 9200,
    "normal_price": 9300,
    "market_price": 15000,
    "event_type": 0,
    "customer_num": 2,
    "mall_id": 37043,
    "group": {
      "price": 9200,
      "customer_num": 2
    },
    "sales_tip": "\u5DF2\u62FC4957\u4EF6",
    "link_url": "goods.html?goods_id=6432436",
    "hd_url": "http://t00img.yangkeduo.com/goods/images/2018-08-31/0cb408da492e662b3441830b69f60cbc.jpeg",
    "quantity": 1626,
    "cat_id1": 6785,
    "goods_type": 4,
    "scores": {},
    "group_price_origin": 9200
  }, {
    "goods_id": 872866428,
    "goods_name": "\u4E94\u7CAE\u6DB21918\u73CD\u54C152\u5EA6\u6D53\u9999\u578B\u767D\u9152500ML\u5355\u74F6\u88C5\u53CC\u74F6\u88C5\u6574\u7BB1\u88C5\u5305\u90AE",
    "short_name": "\u4E94\u7CAE\u6DB21918\u73CD\u54C152\u5EA6\u6D53\u9999\u578B\u767D\u9152500ML\u5355\u74F6\u88C5\u53CC\u74F6\u88C5\u6574\u7BB1\u88C5\u5305\u90AE",
    "thumb_url": "http://t00img.yangkeduo.com/t07img/images/2018-06-06/6bd2ea44d58e0f5017cbda2527a9ef3c.jpeg",
    "hd_thumb_url": "http://t00img.yangkeduo.com/t07img/images/2018-06-06/6bd2ea44d58e0f5017cbda2527a9ef3c.jpeg",
    "image_url": "http://t07img.yangkeduo.com/images/2018-03-30/163115a599acf0900c5d7d2e3eb6e85c.jpeg",
    "sales": 19,
    "cnt": 19,
    "group_price": 7800,
    "normal_price": 8800,
    "market_price": 99800,
    "event_type": 0,
    "customer_num": 2,
    "mall_id": 236654,
    "group": {
      "price": 7800,
      "customer_num": 2
    },
    "sales_tip": "\u5DF2\u62FC19\u4EF6",
    "link_url": "goods.html?goods_id=872866428",
    "hd_url": "http://t04img.yangkeduo.com/images/2018-03-30/5b63a841e12449ae88e4bd0d58ab5dd9.jpeg",
    "quantity": 5980,
    "cat_id1": 6758,
    "goods_type": 1,
    "scores": {},
    "group_price_origin": 7800
  }, {
    "goods_id": 6422544,
    "goods_name": "\u3010\u9999\u6E2F\u76F4\u90AE\u3011\u3010\u5047\u4E00\u8D54\u5341 \u589E\u4F53\u8D28\u3011 \u6FB3\u6D32Healthy Care \u9ED1\u8702\u80F6 \u80F6\u56CA2000mg 200\u7C92",
    "short_name": "\u5927\u74F6\u88C5 \u964D\u4E09\u9AD8 \u589E\u5F3A\u514D\u75AB \u6297\u708E\u75C7",
    "thumb_url": "http://omsproductionimg.yangkeduo.com/images/2017-10-20/ee91d18654fb80527c35c7aa3c8f08f5.jpeg",
    "hd_thumb_url": "http://omsproductionimg.yangkeduo.com/images/2017-10-20/ee91d18654fb80527c35c7aa3c8f08f5.jpeg",
    "image_url": "http://omsproductionimg.yangkeduo.com/images/2017-05-02/f17bc0ed59daad9651bafc0eee1dbacd.jpeg",
    "sales": 9598,
    "cnt": 9598,
    "group_price": 8900,
    "normal_price": 9600,
    "market_price": 19900,
    "event_type": 0,
    "customer_num": 2,
    "mall_id": 37043,
    "group": {
      "price": 8900,
      "customer_num": 2
    },
    "sales_tip": "\u5DF2\u62FC9598\u4EF6",
    "link_url": "goods.html?goods_id=6422544",
    "hd_url": "http://omsproductionimg.yangkeduo.com/images/2017-10-20/f7f77c6ecb8fe1591c3924dd235d22c5.jpeg",
    "quantity": 1339,
    "cat_id1": 6785,
    "goods_type": 4,
    "scores": {},
    "group_price_origin": 8900
  }, {
    "goods_id": 93751480,
    "goods_name": "6\u652F \u957F\u57CE\u5E72\u7EA2\u8461\u8404\u9152\u51FA\u53E3\u578B\u89E3\u767E\u7EB3\u56FD\u4EA7\u4E2D\u7CAE\u6574\u7BB1\u7EA2\u9152750ml",
    "short_name": "\u51FA\u53E3\u578B\u89E3\u767E\u7EB3\u8461\u8404\u9152",
    "thumb_url": "http://t00img.yangkeduo.com/goods/images/2019-01-18/e3030326c05a839ade61be9500773a74.jpeg",
    "hd_thumb_url": "http://t00img.yangkeduo.com/goods/images/2019-01-18/e3030326c05a839ade61be9500773a74.jpeg",
    "image_url": "http://t00img.yangkeduo.com/t08img/images/2018-05-30/102632ca86d7c770c3cd076b0dc4c286.jpeg",
    "sales": 6586,
    "cnt": 6586,
    "group_price": 13600,
    "normal_price": 13900,
    "market_price": 20800,
    "event_type": 0,
    "customer_num": 2,
    "mall_id": 333202,
    "group": {
      "price": 13600,
      "customer_num": 2
    },
    "sales_tip": "\u5DF2\u62FC6586\u4EF6",
    "link_url": "goods.html?goods_id=93751480",
    "hd_url": "https://t00img.yangkeduo.com/goods/images/2019-01-18/338c4773-2b07-436c-9c83-24795783f581.jpg",
    "quantity": 1175,
    "activity_type": 13,
    "cat_id1": 6758,
    "goods_type": 1,
    "scores": {},
    "group_price_origin": 13600,
    "deposit_price": 13600,
    "paid_price": 27200
  }, {
    "goods_id": 1349325,
    "goods_name": "\u4E94\u7CAE\u6DB2\u80A1\u4EFD52\u00B042\u00B0\u5BCC\u8D35\u5929\u4E0B\u7EAF\u7CAE\u767D\u9152\u6574\u7BB1\u7279\u4EF7\u6D53\u9999\u9152\u6C34500ml\u4EAC\u4E1C\u9001",
    "short_name": "\u4E94\u7CAE\u6DB2\u80A1\u4EFD\u7279\u4EF7\u793C\u76D2\u9AD8\u4F4E\u5EA6\u6D53\u9999\u767D\u9152\u5BCC\u8D35\u5929\u4E0B",
    "thumb_url": "http://t00img.yangkeduo.com/goods/images/2018-12-20/451182042018f47738de31cad0cfb8b9.jpeg",
    "hd_thumb_url": "http://t00img.yangkeduo.com/goods/images/2018-12-20/451182042018f47738de31cad0cfb8b9.jpeg",
    "image_url": "http://t00img.yangkeduo.com/goods/images/2018-09-30/f84a9aca23a88a0b7df9be18499d4921.jpeg",
    "sales": 311548,
    "cnt": 311548,
    "group_price": 3490,
    "normal_price": 5300,
    "market_price": 69800,
    "event_type": 0,
    "customer_num": 2,
    "mall_id": 54886,
    "group": {
      "price": 3490,
      "customer_num": 2
    },
    "sales_tip": "\u5DF2\u62FC10\u4E07+\u4EF6",
    "link_url": "goods.html?goods_id=1349325",
    "hd_url": "http://t00img.yangkeduo.com/goods/images/2018-12-20/d03fa54166c863dfa56e532e2858bb26.jpeg",
    "quantity": 11223,
    "activity_type": 13,
    "cat_id1": 6758,
    "goods_type": 1,
    "scores": {},
    "group_price_origin": 3490,
    "deposit_price": 3490,
    "paid_price": 6980
  }, {
    "goods_id": 2196533270,
    "goods_name": "\u71D5\u4E4B\u574A\u5C0F\u7C732\u65A4\u5C0F\u9EC4\u7C73\u65B0\u7C73\u5C0F\u7C73\u7CA5\u9EC4\u5C0F\u7C73\u5B9D\u5B9D\u7C73\u4E94\u8C37\u6742\u7CAE\u7C73\u6708\u5B50\u7C73",
    "short_name": "\u71D5\u4E4B\u574A\u5185\u8499\u53E4\u8D64\u5CF0\u9EC4\u5C0F\u7C732\u65A4\u88C5",
    "thumb_url": "http://t00img.yangkeduo.com/goods/images/2018-10-20/240d91fdc88c49f2aa277fa7fb26061d.jpeg",
    "hd_thumb_url": "http://t00img.yangkeduo.com/goods/images/2018-10-20/240d91fdc88c49f2aa277fa7fb26061d.jpeg",
    "image_url": "http://t00img.yangkeduo.com/t04img/images/2018-07-17/7084c0346165b304596368b3dd746f21.jpeg",
    "sales": 30434,
    "cnt": 30434,
    "group_price": 1490,
    "normal_price": 1880,
    "market_price": 4900,
    "event_type": 0,
    "customer_num": 2,
    "mall_id": 9054,
    "group": {
      "price": 1490,
      "customer_num": 2
    },
    "sales_tip": "\u5DF2\u62FC3\u4E07\u4EF6",
    "link_url": "goods.html?goods_id=2196533270",
    "hd_url": "http://t00img.yangkeduo.com/goods/images/2018-10-20/e241cd2e07f5a1bda746df96fe0fc969.jpeg",
    "quantity": 4928,
    "activity_type": 16,
    "cat_id1": 6630,
    "goods_type": 1,
    "scores": {},
    "group_price_origin": 1490,
    "deposit_price": 1490,
    "paid_price": 2980
  }, {
    "goods_id": 7300056,
    "goods_name": "\u3010\u9999\u6E2F\u76F4\u90AE\u3011\u5047\u4E00\u8D54\u5341 \u7F8E\u56FD \u5065\u5B89\u559C GNC Burn60 \u74DC\u62C9\u7EB360\u7247 \u63A7\u5236\u4F53\u91CD \u71C3\u70E7\u8102\u80AA",
    "short_name": "\u63A7\u5236\u4F53\u91CD \u71C3\u70E7\u8102\u80AA",
    "thumb_url": "http://t00img.yangkeduo.com/t09img/images/2018-05-31/82d9268bd444c4ccd09ddf886205d511.jpeg",
    "hd_thumb_url": "http://t00img.yangkeduo.com/t09img/images/2018-05-31/82d9268bd444c4ccd09ddf886205d511.jpeg",
    "image_url": "http://omsproductionimg.yangkeduo.com/images/2017-05-15/6e137c157d689b9c312cd3fc9a9677ba.jpeg",
    "sales": 5518,
    "cnt": 5518,
    "group_price": 8300,
    "normal_price": 9400,
    "market_price": 18900,
    "event_type": 0,
    "customer_num": 2,
    "mall_id": 37043,
    "group": {
      "price": 8300,
      "customer_num": 2
    },
    "sales_tip": "\u5DF2\u62FC5518\u4EF6",
    "link_url": "goods.html?goods_id=7300056",
    "hd_url": "http://t00img.yangkeduo.com/t08img/images/2018-05-31/4166f1ce9409fb4130c10ec431e8a9a6.jpeg",
    "quantity": 129,
    "cat_id1": 6785,
    "goods_type": 4,
    "scores": {},
    "group_price_origin": 8300
  }, {
    "goods_id": 314900,
    "goods_name": "\u3010\u65B0\u8D27\u65E5\u671F\u3011\u5FB7\u8299\u793C\u76D2\u88C5\u4E1D\u6ED1\u5DE7\u514B\u529B14g*16\u6761\u5408\u8BA1224g\u6BD4\u7897\u88C5\u66F4\u4FBF\u5B9C",
    "short_name": "\u7279\u4EF7\u66F4\u4FBF\u5B9C\u54E6",
    "thumb_url": "http://omsproductionimg.yangkeduo.com/images/2018-06-07/526b1e5bec35f91f3222a5b54f349dcb.jpeg",
    "hd_thumb_url": "http://omsproductionimg.yangkeduo.com/images/2018-06-07/526b1e5bec35f91f3222a5b54f349dcb.jpeg",
    "image_url": "http://omsproductionimg.yangkeduo.com/images/2018-01-31/99c795d305e35e357f32a8e83ef106d8.jpeg",
    "sales": 150841,
    "cnt": 150841,
    "group_price": 2260,
    "normal_price": 2880,
    "market_price": 13900,
    "event_type": 2,
    "customer_num": 2,
    "mall_id": 396,
    "group": {
      "price": 2260,
      "customer_num": 2
    },
    "sales_tip": "\u5DF2\u62FC10\u4E07+\u4EF6",
    "link_url": "goods.html?goods_id=314900",
    "hd_url": "http://omsproductionimg.yangkeduo.com/images/2018-01-24/da0dd02758d8a65475bb15b080f4c774.jpeg",
    "quantity": 58805,
    "activity_type": 1,
    "cat_id1": 6398,
    "goods_type": 1,
    "scores": {},
    "group_price_origin": 2260,
    "deposit_price": 2260
  }, {
    "goods_id": 7303992,
    "goods_name": "\u3010\u9999\u6E2F\u76F4\u90AE\u3011\u5047\u4E00\u8D54\u5341 \u7F8E\u767D\u6DE1\u6591 \u7F8E\u56FDGNC\u5065\u5B89\u559C \u8461\u8404\u7C7D\u80F6\u56CA \u82B1\u9752\u7D20300mg*100\u7C92",
    "short_name": "GNC \u6297\u8870\u8001 \u7699\u989C\u6D53\u7F29\u7CBE\u534E \u7F8E\u767D\u6DE1\u6591",
    "thumb_url": "http://t00img.yangkeduo.com/t04img/images/2018-05-31/cbeac2c85a08ba3759ff6dba678ef514.jpeg",
    "hd_thumb_url": "http://t00img.yangkeduo.com/t04img/images/2018-05-31/cbeac2c85a08ba3759ff6dba678ef514.jpeg",
    "image_url": "http://omsproductionimg.yangkeduo.com/images/2017-05-15/ef82195fbb4334ee4bf7e489298a8768.jpeg",
    "sales": 7576,
    "cnt": 7576,
    "group_price": 7900,
    "normal_price": 8500,
    "market_price": 23900,
    "event_type": 0,
    "customer_num": 2,
    "mall_id": 37043,
    "group": {
      "price": 7900,
      "customer_num": 2
    },
    "sales_tip": "\u5DF2\u62FC7576\u4EF6",
    "link_url": "goods.html?goods_id=7303992",
    "hd_url": "http://t00img.yangkeduo.com/t09img/images/2018-05-31/c3970731e715f42c2ccf228ead39564a.jpeg",
    "quantity": 179,
    "cat_id1": 6785,
    "goods_type": 4,
    "scores": {},
    "group_price_origin": 7900
  }, {
    "goods_id": 141944348,
    "goods_name": "\u3010\u7B2C\u4E8C\u4EF6\u534A\u4EF7\u3011\u826F\u54C1\u94FA\u5B50 \u624B\u6495\u9762\u53051050g/\u7BB1\u8425\u517B\u65E9\u9910\u98DF\u54C1\u7CD5\u70B9\u96F6\u98DF",
    "short_name": "\u3010\u7B2C\u4E8C\u4EF6\u534A\u4EF7\u3011\u624B\u6495\u9762\u53051050g/\u7BB1",
    "thumb_url": "http://t01img.yangkeduo.com/images/2018-01-24/5cec8309b84a6ddb39811cac0aee8fa6.jpeg",
    "hd_thumb_url": "http://t01img.yangkeduo.com/images/2018-01-24/5cec8309b84a6ddb39811cac0aee8fa6.jpeg",
    "image_url": "http://t00img.yangkeduo.com/goods/images/2018-08-01/968bfc6738a543b37ec19af39f6253d9.jpeg",
    "sales": 256331,
    "cnt": 256331,
    "group_price": 2980,
    "normal_price": 4990,
    "market_price": 5990,
    "event_type": 12,
    "customer_num": 2,
    "mall_id": 597,
    "group": {
      "price": 2980,
      "customer_num": 2
    },
    "sales_tip": "\u5DF2\u62FC10\u4E07+\u4EF6",
    "link_url": "goods.html?goods_id=141944348",
    "hd_url": "http://t03img.yangkeduo.com/images/2018-01-24/c0e99c7c73a5af10357503aeb9a527c8.jpeg",
    "quantity": 110875,
    "cat_id1": 6398,
    "goods_type": 1,
    "scores": {},
    "group_price_origin": 2980
  }, {
    "goods_id": 6499203,
    "goods_name": "\u3010\u9999\u6E2F\u76F4\u90AE\u3011\u3010\u5475\u62A4\u6CCC\u5C3F\u7CFB\u7EDF\u5375\u5DE2 \u5927\u74F6\u88C5\u3011\u6FB3\u6D32 Swisse \u8513\u8D8A\u8393\u80F6\u56CA 90\u7C92/\u74F6",
    "short_name": "\u4FDD\u517B\u5375\u5DE2 \u5927\u74F6\u5212\u7B97\u88C5",
    "thumb_url": "http://t00img.yangkeduo.com/goods/images/2018-08-31/f1a0c3e351aa29a85f25359e6f5420a8.jpeg",
    "hd_thumb_url": "http://t00img.yangkeduo.com/goods/images/2018-08-31/f1a0c3e351aa29a85f25359e6f5420a8.jpeg",
    "image_url": "http://omsproductionimg.yangkeduo.com/images/2017-05-04/880d244fe1bda74769dd4c5d8b2f0c60.jpeg",
    "sales": 1987,
    "cnt": 1987,
    "group_price": 15500,
    "normal_price": 16000,
    "market_price": 24900,
    "event_type": 0,
    "customer_num": 2,
    "mall_id": 37043,
    "group": {
      "price": 15500,
      "customer_num": 2
    },
    "sales_tip": "\u5DF2\u62FC1987\u4EF6",
    "link_url": "goods.html?goods_id=6499203",
    "hd_url": "http://t00img.yangkeduo.com/goods/images/2018-08-31/dc807855d10129a78dfca02bc142f827.jpeg",
    "quantity": 592,
    "cat_id1": 6785,
    "goods_type": 4,
    "scores": {},
    "group_price_origin": 15500
  }, {
    "goods_id": 2724414114,
    "goods_name": "MINISO\u540D\u521B\u4F18\u54C1\u70AD\u70E7\u732A\u8089\u812F80g \u7EC6\u5AE9\u9187\u9999 \u4F11\u95F2\u96F6\u98DF\u5C0F\u5403 \u591A\u5473\u9053\u53EF\u9009",
    "short_name": "\u540D\u521B\u4F18\u54C1\u70AD\u70E7\u732A\u8089\u812F80g",
    "thumb_url": "http://t00img.yangkeduo.com/goods/images/2018-10-25/b3a6b32907638ddaed50408a1a63607c.jpeg",
    "hd_thumb_url": "http://t00img.yangkeduo.com/goods/images/2018-10-25/b3a6b32907638ddaed50408a1a63607c.jpeg",
    "image_url": "http://t00img.yangkeduo.com/goods/images/2018-10-25/b62894c0001ba37a2a7c107ec24976fd.jpeg",
    "sales": 59405,
    "cnt": 59405,
    "group_price": 990,
    "normal_price": 1090,
    "market_price": 3500,
    "event_type": 0,
    "customer_num": 2,
    "mall_id": 593041971,
    "group": {
      "price": 990,
      "customer_num": 2
    },
    "sales_tip": "\u5DF2\u62FC5.9\u4E07\u4EF6",
    "link_url": "goods.html?goods_id=2724414114",
    "hd_url": "http://t00img.yangkeduo.com/goods/images/2018-10-25/0810b1b5bbf8e1dc9793ef5f40e05d61.jpeg",
    "quantity": 7317,
    "cat_id1": 6398,
    "goods_type": 1,
    "scores": {},
    "group_price_origin": 990
  }, {
    "goods_id": 58280972,
    "goods_name": "\u301010.5\u5143\u9650\u65F6\u62A2\uFF0C\u62A2\u5B8C\u6062\u590D11.9\u5143\u3011\u5FB7\u8299\u58EB\u529B\u67B6\u82B1\u751F\u5939\u5FC3\u5DE7\u514B\u529B250g500g1000g(\u7EA620g\u4E00\u6839)\u591A\u79CD\u89C4\u683C100g",
    "short_name": "\u3010\u65B0\u8D27\u3011\u58EB\u529B\u67B6\u5DE7\u514B\u529B",
    "thumb_url": "http://omsproductionimg.yangkeduo.com/images/2018-06-04/d4791bef5a0c6c04de86193ed743cbb4.jpeg",
    "hd_thumb_url": "http://omsproductionimg.yangkeduo.com/images/2018-06-04/d4791bef5a0c6c04de86193ed743cbb4.jpeg",
    "image_url": "http://omsproductionimg.yangkeduo.com/images/2018-01-22/05a0c6e3095a91b4162a0456758a85ef.jpeg",
    "sales": 301395,
    "cnt": 301395,
    "group_price": 1050,
    "normal_price": 1290,
    "market_price": 10000,
    "event_type": 0,
    "customer_num": 2,
    "mall_id": 184146,
    "group": {
      "price": 1050,
      "customer_num": 2
    },
    "sales_tip": "\u5DF2\u62FC10\u4E07+\u4EF6",
    "link_url": "goods.html?goods_id=58280972",
    "hd_url": "http://omsproductionimg.yangkeduo.com/images/2018-01-10/7c316783696f9dce743c3be0b36d09ba.jpeg",
    "quantity": 159725,
    "activity_type": 12,
    "cat_id1": 6398,
    "goods_type": 1,
    "scores": {},
    "group_price_origin": 1050,
    "deposit_price": 1050,
    "paid_price": 2100
  }, {
    "goods_id": 7300060,
    "goods_name": "\u3010\u9999\u6E2F\u76F4\u90AE\u3011\u3010\u5047\u4E00\u8D54\u5341\u3011\u7F8E\u56FD GNC \u5065\u5B89\u559C\u8F85\u9176Q10\u8F6F\u80F6\u56CA100mg120\u7C92/150\u7C92\u53EF\u9009",
    "short_name": "GNC\u5FC3\u810F\u6D3B\u529B\u4E4B\u6E90 \u7F8E\u56FD\u5927\u724C",
    "thumb_url": "http://t00img.yangkeduo.com/t05img/images/2018-05-31/a84aa075978f4219672d83c59f63b4a6.jpeg",
    "hd_thumb_url": "http://t00img.yangkeduo.com/t05img/images/2018-05-31/a84aa075978f4219672d83c59f63b4a6.jpeg",
    "image_url": "http://omsproductionimg.yangkeduo.com/images/2017-05-15/6e27a6c331d37bc27e51fdf472a864b3.jpeg",
    "sales": 10358,
    "cnt": 10358,
    "group_price": 9200,
    "normal_price": 10800,
    "market_price": 19000,
    "event_type": 0,
    "customer_num": 2,
    "mall_id": 37043,
    "group": {
      "price": 9200,
      "customer_num": 2
    },
    "sales_tip": "\u5DF2\u62FC1\u4E07\u4EF6",
    "link_url": "goods.html?goods_id=7300060",
    "hd_url": "http://t00img.yangkeduo.com/t04img/images/2018-05-31/dd8f211572b8d303f04df3005d6bae70.jpeg",
    "quantity": 647,
    "cat_id1": 6785,
    "goods_type": 4,
    "scores": {},
    "group_price_origin": 9200
  }, {
    "goods_id": 2757892284,
    "goods_name": "\u3010\u7F8E\u56FD\u8FDB\u53E3\u3011\u3010\u65D7\u8230\u5E97\u6B63\u54C1\u3011\u666E\u4E3D\u666E\u83B1 \u62A4\u773C \u53F6\u9EC4\u7D20 \u8F6F\u80F6\u56CA 20mg120\u7C92 \u4FDD\u62A4\u89C6\u529B",
    "short_name": "\u7F8E\u56FD\u53F6\u9EC4\u7D20 \u4FDD\u62A4\u89C6\u529B \u7F13\u89E3\u89C6\u89C9\u75B2\u52B3",
    "thumb_url": "http://t00img.yangkeduo.com/goods/images/2018-09-13/d0faf82c4f7c799f503fd7fdfc19fb78.jpeg",
    "hd_thumb_url": "http://t00img.yangkeduo.com/goods/images/2018-09-13/d0faf82c4f7c799f503fd7fdfc19fb78.jpeg",
    "image_url": "http://t00img.yangkeduo.com/goods/images/2018-08-31/09307cc67cf646515fa9f98d58995d86.jpeg",
    "sales": 2277,
    "cnt": 2277,
    "group_price": 7900,
    "normal_price": 8000,
    "market_price": 11900,
    "event_type": 0,
    "customer_num": 2,
    "mall_id": 498127849,
    "group": {
      "price": 7900,
      "customer_num": 2
    },
    "sales_tip": "\u5DF2\u62FC2277\u4EF6",
    "link_url": "goods.html?goods_id=2757892284",
    "hd_url": "http://t00img.yangkeduo.com/goods/images/2018-08-31/ac0565438924fa32a4c0e6ac8a1b7d40.jpeg",
    "quantity": 676,
    "cat_id1": 6785,
    "goods_type": 2,
    "scores": {},
    "group_price_origin": 7900
  }, {
    "goods_id": 3384722679,
    "goods_name": "\u301011-12\u6708\u65B0\u8D27\u3011\u8499\u725B\u7279\u4ED1\u82CF\u7EAF\u725B\u5976250ml*12\u76D2*2\u63D0",
    "short_name": "\u301011-12\u6708\u65B0\u8D27\u3011\u8499\u725B\u7279\u4ED1\u82CF\u7EAF\u725B\u5976250ml*12\u76D2*2\u63D0",
    "thumb_url": "http://t00img.yangkeduo.com/goods/images/2018-10-08/1cfff01906233c5f03c216ba7910e21a.jpeg",
    "hd_thumb_url": "http://t00img.yangkeduo.com/goods/images/2018-10-08/1cfff01906233c5f03c216ba7910e21a.jpeg",
    "image_url": "http://omsproductionimg.yangkeduo.com/images/2017-06-21/65261c7e4471e3ab5c44cde103a58bb1.jpeg",
    "sales": 21703,
    "cnt": 21703,
    "group_price": 10280,
    "normal_price": 10690,
    "market_price": 12900,
    "event_type": 0,
    "customer_num": 2,
    "mall_id": 272684,
    "group": {
      "price": 10280,
      "customer_num": 2
    },
    "sales_tip": "\u5DF2\u62FC2.1\u4E07\u4EF6",
    "link_url": "goods.html?goods_id=3384722679",
    "hd_url": "http://t00img.yangkeduo.com/goods/images/2018-10-08/1bd62671e1559f365128680f37ab82b3.jpeg",
    "quantity": 11873,
    "cat_id1": 6536,
    "goods_type": 1,
    "scores": {},
    "group_price_origin": 10280
  }, {
    "goods_id": 5701480,
    "goods_name": "\u3010\u9999\u6E2F\u76F4\u90AE\u3011\u5047\u4E00\u8D54\u5341\u3010\u6392\u6BD2\u89E3\u9152\u71AC\u591C\u3011 \u6FB3\u6D32 swisse \u62A4\u809D\u7247 \u4FDD\u809D120\u7C92/200\u7C92",
    "short_name": "\u89E3\u9152\u9192\u9152 \u62A4\u809D\u517B\u809D",
    "thumb_url": "http://t00img.yangkeduo.com/goods/images/2018-08-31/c124b3e51c69926f019d763c313e4ea8.jpeg",
    "hd_thumb_url": "http://t00img.yangkeduo.com/goods/images/2018-08-31/c124b3e51c69926f019d763c313e4ea8.jpeg",
    "image_url": "http://t00img.yangkeduo.com/goods/images/2018-08-27/b96752a46b423023271b072fab92cca0.jpeg",
    "sales": 19263,
    "cnt": 19263,
    "group_price": 8600,
    "normal_price": 9700,
    "market_price": 18800,
    "event_type": 12,
    "customer_num": 2,
    "mall_id": 37043,
    "group": {
      "price": 8600,
      "customer_num": 2
    },
    "sales_tip": "\u5DF2\u62FC1.9\u4E07\u4EF6",
    "link_url": "goods.html?goods_id=5701480",
    "hd_url": "http://t00img.yangkeduo.com/goods/images/2018-08-31/f1cd5a043d7e0411370a6883e287da1f.jpeg",
    "quantity": 3686,
    "cat_id1": 6785,
    "goods_type": 4,
    "scores": {},
    "group_price_origin": 8600
  }, {
    "goods_id": 57935650,
    "goods_name": "\u8FBE\u5229\u56ED\u6CD5\u5F0F\u8F6F\u9762\u53053\u65A4\u8425\u517B\u65E9\u9910\u86CB\u7CD5\u624B\u6495\u5C0F\u9762\u5305\u6574\u7BB1\u7CD5\u70B9\u591A\u89C4\u683C\u53EF\u9009",
    "short_name": "\u8FBE\u5229\u56ED\u8F6F\u9762\u5305\u591A\u89C4\u683C\u53EF\u9009\u5C0F\u9762\u5305\u6B27\u5F0F\u86CB\u7CD5",
    "thumb_url": "http://t00img.yangkeduo.com/goods/images/2018-10-21/d92737a31252a09c7cb0847d28421cdb.jpeg",
    "hd_thumb_url": "http://t00img.yangkeduo.com/goods/images/2018-10-21/d92737a31252a09c7cb0847d28421cdb.jpeg",
    "image_url": "http://omsproductionimg.yangkeduo.com/images/2017-08-18/adf81d56a2ae6d6daafe6391369bc0f6.jpeg",
    "sales": 109930,
    "cnt": 109930,
    "group_price": 1480,
    "normal_price": 1680,
    "market_price": 3990,
    "event_type": 0,
    "customer_num": 2,
    "mall_id": 37209,
    "group": {
      "price": 1480,
      "customer_num": 2
    },
    "sales_tip": "\u5DF2\u62FC10\u4E07+\u4EF6",
    "link_url": "goods.html?goods_id=57935650",
    "hd_url": "http://t00img.yangkeduo.com/goods/images/2018-10-10/20abf4a1a2f55837829ae9ebf1989b0f.jpeg",
    "quantity": 47810,
    "cat_id1": 6398,
    "goods_type": 1,
    "scores": {},
    "group_price_origin": 1480
  }, {
    "goods_id": 2682554098,
    "goods_name": "\u3010\u7F8E\u56FD\u8FDB\u53E3\u3011\u3010\u65D7\u8230\u5E97\u6B63\u54C1\u3011\u7F8E\u56FD \u666E\u4E3D\u666E\u83B1 \u53CC\u500D\u6C28\u7CD6 \u8F6F\u9AA8\u7D20 \u7EF4\u9AA8\u529B 240\u7247 PP",
    "short_name": "\u5173\u8282\u4FDD\u62A4\u795E \u6C28\u7CD6\u7EF4\u9AA8\u529B \u7F8E\u56FD\u5927\u724C",
    "thumb_url": "http://t00img.yangkeduo.com/goods/images/2018-09-13/1f3332037bc54f349ce1ac94f736b9c7.jpeg",
    "hd_thumb_url": "http://t00img.yangkeduo.com/goods/images/2018-09-13/1f3332037bc54f349ce1ac94f736b9c7.jpeg",
    "image_url": "http://t00img.yangkeduo.com/goods/images/2018-08-23/2d7674b5cdf713b5d9755f8f596788c5.jpeg",
    "sales": 1841,
    "cnt": 1841,
    "group_price": 13900,
    "normal_price": 14000,
    "market_price": 19900,
    "event_type": 0,
    "customer_num": 2,
    "mall_id": 498127849,
    "group": {
      "price": 13900,
      "customer_num": 2
    },
    "sales_tip": "\u5DF2\u62FC1841\u4EF6",
    "link_url": "goods.html?goods_id=2682554098",
    "hd_url": "http://t00img.yangkeduo.com/goods/images/2018-08-23/647f7a70c91d24b8bf3d8af192cf34b9.jpeg",
    "quantity": 1616,
    "cat_id1": 6785,
    "goods_type": 2,
    "scores": {},
    "group_price_origin": 13900
  }, {
    "goods_id": 1468946321,
    "goods_name": "\u30109\u6708\u65B0\u8D27 \u8C46\u672C\u8C46\u3011\u8FBE\u5229\u56ED \u8C46\u672C\u8C46\u539F\u5473\u8C46\u5976PP\u74F6360ml*10\u74F6 \u6563\u88C5",
    "short_name": "PP\u74F6360ml*10\u74F6",
    "thumb_url": "http://t00img.yangkeduo.com/goods/images/2018-08-16/0a0b690b46c4e0ca15c26c2b42faa55e.jpeg",
    "hd_thumb_url": "http://t00img.yangkeduo.com/goods/images/2018-08-16/0a0b690b46c4e0ca15c26c2b42faa55e.jpeg",
    "image_url": "http://t05img.yangkeduo.com/images/2018-05-22/3b7debdfd38585017be29fc2a729460f.jpeg",
    "sales": 3066,
    "cnt": 3066,
    "group_price": 3990,
    "normal_price": 4800,
    "market_price": 6000,
    "event_type": 0,
    "customer_num": 2,
    "mall_id": 1732795,
    "group": {
      "price": 3990,
      "customer_num": 2
    },
    "sales_tip": "\u5DF2\u62FC3066\u4EF6",
    "link_url": "goods.html?goods_id=1468946321",
    "hd_url": "http://t00img.yangkeduo.com/goods/images/2018-08-16/96087138b325cbd29507bb4e85450539.jpeg",
    "quantity": 1133,
    "cat_id1": 6536,
    "goods_type": 1,
    "scores": {},
    "group_price_origin": 3990
  }, {
    "goods_id": 2767243138,
    "goods_name": "\u3010\u7F8E\u56FD\u8FDB\u53E3\u3011\u3010\u65D7\u8230\u5E97\u6B63\u54C1\u3011\u666E\u4E3D\u666E\u83B1 \u8513\u8D8A\u8393 \u6D53\u7F29\u80F6\u56CA 25000mg*60\u7C92 \u5973\u6027\u5065\u5EB7",
    "short_name": "\u4FDD\u517B\u5375\u5DE2 \u5973\u6027\u9996\u9009 \u7F8E\u56FD\u5927\u724C",
    "thumb_url": "http://t00img.yangkeduo.com/goods/images/2018-09-13/aafa5360256eef2afa0d6cf9a9e1e726.jpeg",
    "hd_thumb_url": "http://t00img.yangkeduo.com/goods/images/2018-09-13/aafa5360256eef2afa0d6cf9a9e1e726.jpeg",
    "image_url": "http://t00img.yangkeduo.com/goods/images/2018-09-01/8b6249939fd0a235b381657284d06479.jpeg",
    "sales": 888,
    "cnt": 888,
    "group_price": 7900,
    "normal_price": 8000,
    "market_price": 15900,
    "event_type": 0,
    "customer_num": 2,
    "mall_id": 498127849,
    "group": {
      "price": 7900,
      "customer_num": 2
    },
    "sales_tip": "\u603B\u552E3237\u4EF6",
    "link_url": "goods.html?goods_id=2767243138",
    "hd_url": "http://t00img.yangkeduo.com/goods/images/2018-09-01/612ab6597f368393728d53427752cfc0.jpeg",
    "quantity": 599,
    "cat_id1": 6785,
    "goods_type": 2,
    "scores": {},
    "group_price_origin": 7900
  }, {
    "goods_id": 37713347,
    "goods_name": "\u3010\u9999\u6E2F\u76F4\u90AE\u3011\u5047\u4E00\u8D54\u5341\u6FB3\u6D32 Swisse \u7EF4\u9AA8\u529B\u6C28\u57FA\u8461\u8404\u7CD6 \u6C28\u7CD6\u5173\u8282\u7075 1500mg*180\u7C92",
    "short_name": "\u3010\u5173\u8282\u708E\u9888\u690E\u75C5\u98CE\u6E7F\u9AA8\u8D28\u589E\u751F \u8170\u817F\u75BC\u75DB\u3011",
    "thumb_url": "http://t00img.yangkeduo.com/goods/images/2018-08-31/e2344f0be26dc03bbe8f3d3e213fdc6c.jpeg",
    "hd_thumb_url": "http://t00img.yangkeduo.com/goods/images/2018-08-31/e2344f0be26dc03bbe8f3d3e213fdc6c.jpeg",
    "image_url": "http://omsproductionimg.yangkeduo.com/images/2017-07-30/b196fe70d7c2b251ace74720eb0f7911.jpeg",
    "sales": 3043,
    "cnt": 3043,
    "group_price": 15500,
    "normal_price": 15600,
    "market_price": 49900,
    "event_type": 0,
    "customer_num": 2,
    "mall_id": 37043,
    "group": {
      "price": 15500,
      "customer_num": 2
    },
    "sales_tip": "\u5DF2\u62FC3043\u4EF6",
    "link_url": "goods.html?goods_id=37713347",
    "hd_url": "http://t00img.yangkeduo.com/goods/images/2018-08-31/927b32f09e6fb32c16986c19875255df.jpeg",
    "quantity": 513,
    "cat_id1": 6785,
    "goods_type": 4,
    "scores": {},
    "group_price_origin": 15500
  }, {
    "goods_id": 1467513150,
    "goods_name": "\u3010\u6CD5\u56FD\u8FDB\u53E3\u3011\u8377\u5170\u4E73\u725B\u8FDB\u53E3\u5976\u7C89\u5168\u8102\u6210\u4EBA\u5976\u7C89\u9752\u5C11\u5E74\u5B66\u751F\u8425\u517B\u9AD8\u9499\u751C\u5976\u7C89900g\u7F50\u88C5",
    "short_name": "\u8377\u5170\u4E73\u725B\u6CD5\u56FD\u8FDB\u53E3\u5168\u8102\u751C\u5976\u7C89900g",
    "thumb_url": "http://t00img.yangkeduo.com/goods/images/2018-12-24/d6e708a3d267f4411d48863bad3e4cc2.jpeg",
    "hd_thumb_url": "http://t00img.yangkeduo.com/goods/images/2018-12-24/d6e708a3d267f4411d48863bad3e4cc2.jpeg",
    "image_url": "http://t00img.yangkeduo.com/t05img/images/2018-07-02/95a089ed9b0dc94d5ebaffb1715ef643.jpeg",
    "sales": 39928,
    "cnt": 39928,
    "group_price": 3580,
    "normal_price": 4990,
    "market_price": 14800,
    "event_type": 0,
    "customer_num": 2,
    "mall_id": 1211166,
    "group": {
      "price": 3580,
      "customer_num": 2
    },
    "sales_tip": "\u5DF2\u62FC3.9\u4E07\u4EF6",
    "link_url": "goods.html?goods_id=1467513150",
    "hd_url": "http://t00img.yangkeduo.com/goods/images/2018-12-24/ad84fbc5ba8a7142d30845c49a9d262b.jpeg",
    "quantity": 13382,
    "activity_type": 13,
    "cat_id1": 6536,
    "goods_type": 2,
    "scores": {},
    "group_price_origin": 3580,
    "deposit_price": 3580,
    "paid_price": 7160
  }, {
    "goods_id": 6461057,
    "goods_name": "\u3010\u9999\u6E2F\u76F4\u90AE\u3011\u3010\u5047\u4E00\u8D54\u5341\u3011\u6FB3\u6D32 Healthy Care \u5FC3\u810F\u8F85\u9176 Q10 150mg 100\u7C92",
    "short_name": "\u6FB3\u6D32\u5FC3\u810F\u6D3B\u529B\u6E90\u6CC9 \u4FDD\u62A4\u5FC3\u8111\u8840\u7BA1",
    "thumb_url": "http://omsproductionimg.yangkeduo.com/images/2018-05-18/f1e949d151096d3629b1ce61d39954e3.jpeg",
    "hd_thumb_url": "http://omsproductionimg.yangkeduo.com/images/2018-05-18/f1e949d151096d3629b1ce61d39954e3.jpeg",
    "image_url": "http://omsproductionimg.yangkeduo.com/images/2017-05-03/acf7d8e73ded7ba3364c890fcad6ec5d.png",
    "sales": 3125,
    "cnt": 3125,
    "group_price": 11900,
    "normal_price": 12000,
    "market_price": 26800,
    "event_type": 0,
    "customer_num": 2,
    "mall_id": 37043,
    "group": {
      "price": 11900,
      "customer_num": 2
    },
    "sales_tip": "\u5DF2\u62FC3125\u4EF6",
    "link_url": "goods.html?goods_id=6461057",
    "hd_url": "http://omsproductionimg.yangkeduo.com/images/2017-10-27/d5a4b4722ce248404ba450e846345b08.jpeg",
    "quantity": 260,
    "cat_id1": 6785,
    "goods_type": 4,
    "scores": {},
    "group_price_origin": 11900
  }, {
    "goods_id": 859321447,
    "goods_name": "\u53E3\u6C34\u5A03\u6E56\u5357\u7279\u4EA7\u53E3\u6C34\u9C7C\u96F6\u98DF\u9999\u8FA3\u5C0F\u9C7C\u4ED4\u6BDB\u6BDB\u9C7C\u5E72\u9EBB\u8FA3\u5E72\u6BCF\u530510\u514B\u5DE6\u53F3",
    "short_name": "\u53E3\u6C34\u5A03\u9999\u8FA3\u5C0F\u9C7C\u5E72",
    "thumb_url": "http://t00img.yangkeduo.com/goods/images/2019-01-13/a104f69c5a50455abc23167fbcfcbc3a.jpeg",
    "hd_thumb_url": "http://t00img.yangkeduo.com/goods/images/2019-01-13/a104f69c5a50455abc23167fbcfcbc3a.jpeg",
    "image_url": "http://t00img.yangkeduo.com/goods/images/2018-07-21/3fe0a9121542194b2fcd663479af21e4.jpeg",
    "sales": 94104,
    "cnt": 94104,
    "group_price": 590,
    "normal_price": 2000,
    "market_price": 3500,
    "event_type": 0,
    "customer_num": 2,
    "mall_id": 5069111,
    "group": {
      "price": 590,
      "customer_num": 2
    },
    "sales_tip": "\u5DF2\u62FC9.4\u4E07\u4EF6",
    "link_url": "goods.html?goods_id=859321447",
    "hd_url": "https://t00img.yangkeduo.com/goods/images/2019-01-13/9ff5f763-d2b6-43eb-85b8-91c116b123ba.jpg",
    "quantity": 106371,
    "activity_type": 13,
    "cat_id1": 6398,
    "goods_type": 1,
    "scores": {},
    "group_price_origin": 590,
    "deposit_price": 590,
    "paid_price": 1180
  }, {
    "goods_id": 2757737443,
    "goods_name": "\u3010\u7F8E\u56FD\u8FDB\u53E3\u3011\u3010\u65D7\u8230\u5E97\u6B63\u54C1\u3011\u666E\u4E3D\u666E\u83B1 \u8F85\u9176Q10 \u8425\u517B\u8F6F\u80F6\u56CA 100mg240\u7C92\u4FDD\u62A4\u5FC3\u810F",
    "short_name": "\u7F8E\u56FD\u5927\u724C \u5FC3\u810F\u6D3B\u529B\u6E90\u6CC9",
    "thumb_url": "http://t00img.yangkeduo.com/goods/images/2018-09-13/f98662646622702bb28553de5c48daa0.jpeg",
    "hd_thumb_url": "http://t00img.yangkeduo.com/goods/images/2018-09-13/f98662646622702bb28553de5c48daa0.jpeg",
    "image_url": "http://t00img.yangkeduo.com/goods/images/2018-08-31/e4822acc26b8b3884161fef6124b7f27.jpeg",
    "sales": 2323,
    "cnt": 2323,
    "group_price": 14900,
    "normal_price": 15000,
    "market_price": 21900,
    "event_type": 0,
    "customer_num": 2,
    "mall_id": 498127849,
    "group": {
      "price": 14900,
      "customer_num": 2
    },
    "sales_tip": "\u5DF2\u62FC2323\u4EF6",
    "link_url": "goods.html?goods_id=2757737443",
    "hd_url": "http://t00img.yangkeduo.com/goods/images/2018-09-13/c64bb03dd0b409251f6bc393adb132f0.jpeg",
    "quantity": 1121,
    "cat_id1": 6785,
    "goods_type": 2,
    "scores": {},
    "group_price_origin": 14900
  }, {
    "goods_id": 835275866,
    "goods_name": "\u3010\u5370\u5EA6\u5C3C\u897F\u4E9A\u8FDB\u53E3\u3011\u65B0\u54C1\u7EB3\u5B9D\u5E1D112g\u66F2\u5947\u997C\u5E72\u8F6F\u5FC3\u8DA3\u5E03\u6717\u5C3C\u98CE\u5473\u6CE8\u5FC3\u66F2\u5947\u8FDB\u53E3\u96F6\u98DF\u7F8E\u5473",
    "short_name": "\u65B0\u54C1\u7EB3\u5B9D\u5E1D\u8F6F\u5FC3\u8DA3\u5E03\u6717\u5C3C420g\u66F2\u5947\u997C\u5E72",
    "thumb_url": "http://t00img.yangkeduo.com/goods/images/2018-10-30/53982212d23062e543aa7dd4f87ac25e.jpeg",
    "hd_thumb_url": "http://t00img.yangkeduo.com/goods/images/2018-10-30/53982212d23062e543aa7dd4f87ac25e.jpeg",
    "image_url": "http://t04img.yangkeduo.com/images/2018-03-27/fafde029ae69a804998ce3d3def8b9c5.jpeg",
    "sales": 25340,
    "cnt": 25340,
    "group_price": 1388,
    "normal_price": 2580,
    "market_price": 5800,
    "event_type": 0,
    "customer_num": 2,
    "mall_id": 50480,
    "group": {
      "price": 1388,
      "customer_num": 2
    },
    "sales_tip": "\u5DF2\u62FC2.5\u4E07\u4EF6",
    "link_url": "goods.html?goods_id=835275866",
    "hd_url": "http://t02img.yangkeduo.com/images/2018-05-09/74f0c50d57ed32eeab00ca5fc9b88307.jpeg",
    "quantity": 760,
    "activity_type": 13,
    "cat_id1": 6398,
    "goods_type": 2,
    "scores": {},
    "group_price_origin": 1388,
    "deposit_price": 1388,
    "paid_price": 2776
  }, {
    "goods_id": 2338244,
    "goods_name": "\u3010\u9999\u6E2F\u76F4\u90AE\u3011\u5047\u4E00\u8D54\u5341 \u6FB3\u6D32 blackmores \u6FB3\u4F73\u5B9D \u7EF4\u9AA8\u529B \u5173\u8282\u7075 180\u7C92 \u6C28\u7CD6",
    "short_name": "\u3010\u62A4\u5173\u8282 \u9AA8\u8D28\u589E\u751F \u8170\u817F\u75BC\u75DB\u3011",
    "thumb_url": "http://t00img.yangkeduo.com/goods/images/2018-08-31/90b4ff376a02dfcb9471ee86bb006c4f.jpeg",
    "hd_thumb_url": "http://t00img.yangkeduo.com/goods/images/2018-08-31/90b4ff376a02dfcb9471ee86bb006c4f.jpeg",
    "image_url": "https://t00img.yangkeduo.com/goods/images/2019-01-17/950ff7fc-b88a-49b2-b13f-4932e351b9dd.jpg",
    "sales": 19518,
    "cnt": 19518,
    "group_price": 14900,
    "normal_price": 15600,
    "market_price": 23900,
    "event_type": 12,
    "customer_num": 2,
    "mall_id": 37043,
    "group": {
      "price": 14900,
      "customer_num": 2
    },
    "sales_tip": "\u5DF2\u62FC1.9\u4E07\u4EF6",
    "link_url": "goods.html?goods_id=2338244",
    "hd_url": "http://t00img.yangkeduo.com/goods/images/2018-08-31/d878dda17eae6ca734a2ed6b3b1ce70b.jpeg",
    "quantity": 912,
    "cat_id1": 6785,
    "goods_type": 4,
    "scores": {},
    "group_price_origin": 14900
  }, {
    "goods_id": 6401037,
    "goods_name": "\u3010\u9999\u6E2F\u76F4\u90AE\u3011\u5047\u4E00\u8D54\u5341\u6FB3\u6D32 Healthy Care \u8461\u8404\u7C7D\u80F6\u56CA12000mg*300\u7C92 hc\u7F8E\u767D\u795B\u6591",
    "short_name": "\u7F8E\u767D\u795B\u6591 \u6297\u8870\u8001\u708E\u75C7",
    "thumb_url": "http://omsproductionimg.yangkeduo.com/images/2018-05-30/571ae93536b336250d2b67da356d0873.jpeg",
    "hd_thumb_url": "http://omsproductionimg.yangkeduo.com/images/2018-05-30/571ae93536b336250d2b67da356d0873.jpeg",
    "image_url": "http://omsproductionimg.yangkeduo.com/images/2017-09-17/321d2931dfe9a28b70fb81095de7a8eb.jpeg",
    "sales": 4965,
    "cnt": 4965,
    "group_price": 10500,
    "normal_price": 11080,
    "market_price": 19900,
    "event_type": 0,
    "customer_num": 2,
    "mall_id": 37043,
    "group": {
      "price": 10500,
      "customer_num": 2
    },
    "sales_tip": "\u5DF2\u62FC4965\u4EF6",
    "link_url": "goods.html?goods_id=6401037",
    "hd_url": "http://omsproductionimg.yangkeduo.com/images/2017-09-17/f584919467e3bb890f1625e2aab7693c.jpeg",
    "quantity": 621,
    "cat_id1": 6785,
    "goods_type": 4,
    "scores": {},
    "group_price_origin": 10500
  }, {
    "goods_id": 2762306781,
    "goods_name": "\u3010\u7F8E\u56FD\u8FDB\u53E3\u3011\u3010\u65D7\u8230\u5E97\u6B63\u54C1\u3011\u666E\u4E3D\u666E\u83B1 VD\u9499 \u8F6F\u80F6\u56CA \u590D\u5408\u7EF4\u751F\u7D20D\u6DB2\u4F53\u9499\u7247*200\u7C92",
    "short_name": "\u597D\u5438\u6536\u7684\u9499 \u7F8E\u56FD\u5927\u724C",
    "thumb_url": "http://t00img.yangkeduo.com/goods/images/2018-09-13/7cf7aa1375ce0e9e7e08d97db850ec77.jpeg",
    "hd_thumb_url": "http://t00img.yangkeduo.com/goods/images/2018-09-13/7cf7aa1375ce0e9e7e08d97db850ec77.jpeg",
    "image_url": "http://t00img.yangkeduo.com/goods/images/2018-09-01/71336bf4d2e7d3ed86f6af455f0f2d26.jpeg",
    "sales": 913,
    "cnt": 913,
    "group_price": 8900,
    "normal_price": 9000,
    "market_price": 15900,
    "event_type": 0,
    "customer_num": 2,
    "mall_id": 498127849,
    "group": {
      "price": 8900,
      "customer_num": 2
    },
    "sales_tip": "\u5DF2\u62FC913\u4EF6",
    "link_url": "goods.html?goods_id=2762306781",
    "hd_url": "http://t00img.yangkeduo.com/goods/images/2018-09-01/460737e85a98502979b8eaada8c2cccc.jpeg",
    "quantity": 581,
    "cat_id1": 6785,
    "goods_type": 2,
    "scores": {},
    "group_price_origin": 8900
  }, {
    "goods_id": 4486945,
    "goods_name": "\u3010\u9999\u6E2F\u76F4\u90AE\u3011\u5047\u4E00\u8D54\u5341\u3010\u7F13\u89E3\u89C6\u89C9\u75B2\u52B3\u3011\u7F8E\u56FD \u666E\u4E3D\u666E\u83B1 \u53F6\u9EC4\u7D20\u8F6F\u80F6\u56CA20mg120\u7C92",
    "short_name": "\u4FDD\u62A4\u89C6\u529B \u7F8E\u56FD\u53F6\u9EC4\u7D20120\u7C92",
    "thumb_url": "http://t00img.yangkeduo.com/goods/images/2018-08-31/b9feb2bc99d0c5957c980d98540977c6.jpeg",
    "hd_thumb_url": "http://t00img.yangkeduo.com/goods/images/2018-08-31/b9feb2bc99d0c5957c980d98540977c6.jpeg",
    "image_url": "http://omsproductionimg.yangkeduo.com/images/2017-04-03/57a313fbb6e7acd661b6c45493e8b76d.jpeg",
    "sales": 5631,
    "cnt": 5631,
    "group_price": 5900,
    "normal_price": 6000,
    "market_price": 31900,
    "event_type": 0,
    "customer_num": 2,
    "mall_id": 37043,
    "group": {
      "price": 5900,
      "customer_num": 2
    },
    "sales_tip": "\u5DF2\u62FC5631\u4EF6",
    "link_url": "goods.html?goods_id=4486945",
    "hd_url": "http://t00img.yangkeduo.com/goods/images/2018-08-31/68058df7b29dad6ac1037bf61449bd2b.jpeg",
    "quantity": 203,
    "cat_id1": 6785,
    "goods_type": 4,
    "scores": {},
    "group_price_origin": 5900
  }, {
    "goods_id": 2767477517,
    "goods_name": "\u3010\u7F8E\u56FD\u8FDB\u53E3\u3011\u3010\u65D7\u8230\u5E97\u6B63\u54C1\u3011\u666E\u4E3D\u666E\u83B1 \u6C28\u57FA\u8461\u8404\u7CD6 \u7EF4\u9AA8\u529B \u80F6\u56CA1000mg*60\u7C92",
    "short_name": "\u5F3A\u7B4B\u5065\u9AA8 \u5173\u8282\u4E0D\u75DB",
    "thumb_url": "http://t00img.yangkeduo.com/goods/images/2018-09-13/726f5109c6ce640bf09298689f3c3338.jpeg",
    "hd_thumb_url": "http://t00img.yangkeduo.com/goods/images/2018-09-13/726f5109c6ce640bf09298689f3c3338.jpeg",
    "image_url": "http://t00img.yangkeduo.com/goods/images/2018-09-01/08ddc22f214c4d845124fe2a01b38e4b.jpeg",
    "sales": 1235,
    "cnt": 1235,
    "group_price": 6900,
    "normal_price": 7000,
    "market_price": 12900,
    "event_type": 0,
    "customer_num": 2,
    "mall_id": 498127849,
    "group": {
      "price": 6900,
      "customer_num": 2
    },
    "sales_tip": "\u5DF2\u62FC1235\u4EF6",
    "link_url": "goods.html?goods_id=2767477517",
    "hd_url": "http://t00img.yangkeduo.com/goods/images/2018-09-01/328f9017651c8e9bd00dde56e63c5bfc.jpeg",
    "quantity": 748,
    "cat_id1": 6785,
    "goods_type": 2,
    "scores": {},
    "group_price_origin": 6900
  }, {
    "goods_id": 2523733644,
    "goods_name": "\u3010\u4E09\u53EA\u677E\u9F20_\u575A\u679C\u5927\u793C\u53051323g\u3011\u6BCF\u65E5\u575A\u679C\u5E74\u8D27\u793C\u76D2\u9001\u793C7\u888B\u5723\u8BDE\u793C\u76D2",
    "short_name": "\u9886\u5238\u7ACB\u51CF30\u5757\u575A\u679C\u793C\u76D2",
    "thumb_url": "http://t00img.yangkeduo.com/goods/images/2019-01-03/360fa562b5f8532083a1e841fdbbca7b.jpeg",
    "hd_thumb_url": "http://t00img.yangkeduo.com/goods/images/2019-01-03/360fa562b5f8532083a1e841fdbbca7b.jpeg",
    "image_url": "http://t00img.yangkeduo.com/goods/images/2018-08-24/2490d5c79879944d335d224eba9e88ed.jpeg",
    "sales": 77924,
    "cnt": 77924,
    "group_price": 10500,
    "normal_price": 10900,
    "market_price": 12000,
    "event_type": 0,
    "customer_num": 2,
    "mall_id": 1210342,
    "group": {
      "price": 10500,
      "customer_num": 2
    },
    "sales_tip": "\u5DF2\u62FC7.7\u4E07\u4EF6",
    "link_url": "goods.html?goods_id=2523733644",
    "hd_url": "https://t00img.yangkeduo.com/goods/images/2018-12-29/e95bb9d9-be33-4bd2-ad8e-9bdfd1af96b1.jpg",
    "quantity": 5015,
    "cat_id1": 6398,
    "goods_type": 1,
    "scores": {},
    "group_price_origin": 10500
  }, {
    "goods_id": 2762497212,
    "goods_name": "\u3010\u7F8E\u56FD\u8FDB\u53E3\u3011\u3010\u65D7\u8230\u5E97\u6B63\u54C1\u3011\u666E\u4E3D\u666E\u83B1 \u89E3\u9152\u62A4\u809D \u5976\u84DF\u63D0\u53D6\u7269\u8F6F\u80F6\u56CA 1000mg*90\u7C92",
    "short_name": "\u89E3\u9152\u6392\u6BD2 \u4FDD\u809D\u62A4\u809D",
    "thumb_url": "http://t00img.yangkeduo.com/goods/images/2018-11-26/73b8d728b963073f6f3d78a9236623f5.jpeg",
    "hd_thumb_url": "http://t00img.yangkeduo.com/goods/images/2018-11-26/73b8d728b963073f6f3d78a9236623f5.jpeg",
    "image_url": "http://t00img.yangkeduo.com/goods/images/2018-09-01/22294459cb35a14bc94a450e3b3af4b0.jpeg",
    "sales": 892,
    "cnt": 892,
    "group_price": 7900,
    "normal_price": 8000,
    "market_price": 9900,
    "event_type": 0,
    "customer_num": 2,
    "mall_id": 498127849,
    "group": {
      "price": 7900,
      "customer_num": 2
    },
    "sales_tip": "\u5DF2\u62FC892\u4EF6",
    "link_url": "goods.html?goods_id=2762497212",
    "hd_url": "http://t00img.yangkeduo.com/goods/images/2018-09-01/b103dc0fc94a48bc5cf9989c2acd5e59.jpeg",
    "quantity": 600,
    "cat_id1": 6785,
    "goods_type": 2,
    "scores": {},
    "group_price_origin": 7900
  }, {
    "goods_id": 2606590,
    "goods_name": "\u3010\u6CD5\u56FD\u8FDB\u53E3\u3011\u8DEF\u6613\u62C9\u83F2\u6CD5\u56FD\u539F\u74F6\u8FDB\u53E3\u7EA2\u9152\u62C9\u83F2\u8461\u8404\u9152\u6574\u7BB1\u88C5\u5E74\u8D27\u9152\u5177\u793C\u76D2\u5957\u88C5",
    "short_name": "\u6CD5\u56FD\u8DEF\u6613\u62C9\u83F2\u7EA2\u9152",
    "thumb_url": "http://t00img.yangkeduo.com/goods/images/2018-11-16/b9938a4fb1d088b3eda896c07afc85a6.jpeg",
    "hd_thumb_url": "http://t00img.yangkeduo.com/goods/images/2018-11-16/b9938a4fb1d088b3eda896c07afc85a6.jpeg",
    "image_url": "http://omsproductionimg.yangkeduo.com/images/2017-06-30/f32447422066fcaf1f966e0387a1920c.jpeg",
    "sales": 22529,
    "cnt": 22529,
    "group_price": 29800,
    "normal_price": 52800,
    "market_price": 218800,
    "event_type": 2,
    "customer_num": 2,
    "mall_id": 79540,
    "group": {
      "price": 29800,
      "customer_num": 2
    },
    "sales_tip": "\u5DF2\u62FC2.2\u4E07\u4EF6",
    "link_url": "goods.html?goods_id=2606590",
    "hd_url": "http://t00img.yangkeduo.com/goods/images/2018-11-16/8e1f6476c99d1a7edeb337b8310cd65c.jpeg",
    "quantity": 4896,
    "activity_type": 13,
    "cat_id1": 6758,
    "goods_type": 2,
    "scores": {},
    "group_price_origin": 29800,
    "deposit_price": 29800,
    "paid_price": 59600
  }, {
    "goods_id": 1880305288,
    "goods_name": "\u301015.6\u5143\u9650\u65F6\u62A2\uFF0C\u62A2\u5B8C\u6062\u590D17.7\u5143\u3011\u8C6A\u58EB\u4E73\u9178\u83CC\u5C0F\u767D\u9178\u5976\u53E3\u888B\u9762\u5305680G\u65E9\u9910\u5410\u53F8\u5939\u5FC3\u86CB\u7CD5\u96F6\u98DF\u7CD5\u70B9\u5FC3380G",
    "short_name": "\u8C6A\u58EB\u4E73\u9178\u83CC \u65D7\u8230\u5E97",
    "thumb_url": "http://t00img.yangkeduo.com/goods/images/2018-12-10/a9182f09e0c1942bfb8bf2e19884f241.jpeg",
    "hd_thumb_url": "http://t00img.yangkeduo.com/goods/images/2018-12-10/a9182f09e0c1942bfb8bf2e19884f241.jpeg",
    "image_url": "http://t00img.yangkeduo.com/goods/images/2018-09-11/998f9b3d5c45e0710c3ffb8e013835a0.jpeg",
    "sales": 274289,
    "cnt": 274289,
    "group_price": 1560,
    "normal_price": 2190,
    "market_price": 6600,
    "event_type": 2,
    "customer_num": 2,
    "mall_id": 9854445,
    "group": {
      "price": 1560,
      "customer_num": 2
    },
    "sales_tip": "\u5DF2\u62FC10\u4E07+\u4EF6",
    "link_url": "goods.html?goods_id=1880305288",
    "hd_url": "http://t00img.yangkeduo.com/goods/images/2018-12-10/bc875b005d6409e8eabe8ae7d6194851.jpeg",
    "quantity": 375359,
    "activity_type": 12,
    "cat_id1": 6398,
    "goods_type": 1,
    "scores": {},
    "group_price_origin": 1560,
    "deposit_price": 1560,
    "paid_price": 3120
  }, {
    "goods_id": 294174955,
    "goods_name": "\u4E94\u7CAE\u6DB2\u80A1\u4EFD\u4E00\u5C0A\u5929\u4E0B\u793C\u76D2\u7EAF\u7CAE\u917F\u902052\u5EA6500ml2\u74F6\u88C5\u793C\u54C1\u9152\u767D\u9152\u6C34\u6574\u7BB1",
    "short_name": "\u4E94\u7CAE\u6DB2\u767D\u9152\u793C\u76D2",
    "thumb_url": "http://omsproductionimg.yangkeduo.com/images/2018-06-05/e6e5036abab286a1b953229f698ba846.jpeg",
    "hd_thumb_url": "http://omsproductionimg.yangkeduo.com/images/2018-06-05/e6e5036abab286a1b953229f698ba846.jpeg",
    "image_url": "https://t00img.yangkeduo.com/goods/images/2019-01-03/d6779715-ef47-4205-9db0-5836622daf7b.jpg",
    "sales": 53202,
    "cnt": 53202,
    "group_price": 8900,
    "normal_price": 12900,
    "market_price": 19800,
    "event_type": 0,
    "customer_num": 2,
    "mall_id": 1030320,
    "group": {
      "price": 8900,
      "customer_num": 2
    },
    "sales_tip": "\u5DF2\u62FC5.3\u4E07\u4EF6",
    "link_url": "goods.html?goods_id=294174955",
    "hd_url": "http://omsproductionimg.yangkeduo.com/images/2018-01-25/306f086019919ef46193462662077f03.jpeg",
    "quantity": 899,
    "activity_type": 15,
    "cat_id1": 6758,
    "goods_type": 1,
    "scores": {},
    "group_price_origin": 8900,
    "deposit_price": 8900,
    "paid_price": 17800
  }, {
    "goods_id": 2767282768,
    "goods_name": "\u3010\u7F8E\u56FD\u8FDB\u53E3\u3011\u3010\u65D7\u8230\u5E97\u6B63\u54C1\u3011\u666E\u4E3D\u666E\u83B1 \u739B\u5361/\u739B\u5496\u7CBE\u534E\u80F6\u56CA1000mg*60\u7C92 \u7537\u6027\u5065\u5EB7",
    "short_name": "\u5929\u7136\u8377\u5C14\u8499\u53D1\u52A8\u673A \u7F8E\u56FD\u5927\u724C",
    "thumb_url": "http://t00img.yangkeduo.com/goods/images/2018-09-13/04cdb8c2e21517962e4490392c14ef6f.jpeg",
    "hd_thumb_url": "http://t00img.yangkeduo.com/goods/images/2018-09-13/04cdb8c2e21517962e4490392c14ef6f.jpeg",
    "image_url": "http://t00img.yangkeduo.com/goods/images/2018-09-01/0575733d97222e99e71e8012a006c0b6.jpeg",
    "sales": 1069,
    "cnt": 1069,
    "group_price": 6900,
    "normal_price": 7000,
    "market_price": 11900,
    "event_type": 0,
    "customer_num": 2,
    "mall_id": 498127849,
    "group": {
      "price": 6900,
      "customer_num": 2
    },
    "sales_tip": "\u5DF2\u62FC1069\u4EF6",
    "link_url": "goods.html?goods_id=2767282768",
    "hd_url": "http://t00img.yangkeduo.com/goods/images/2018-09-01/6554f79293d329401c149535e78e23e6.jpeg",
    "quantity": 1204,
    "cat_id1": 6785,
    "goods_type": 2,
    "scores": {},
    "group_price_origin": 6900
  }]
}